@article{nanomaterials_definitions_2008,
	author  = "Autor, A. and Otro, B.",
	title   = "Definiciones de nanomateriales",
	journal = "Journal of Nanotech",
	year    = 2008
}